@book{stull2011meteorology,
  title     = {{Meteorology for Scientists and Engineers: A Technical Companion Book to Cupp and Stull's Introductory Meteorology Textbooks}},
  author    = {Stull, Roland B.},
  year      = {2011},
  publisher = {University of British Columbia},
  edition   = {3rd},
  address   = {Vancouver, Canada},
}

@report{iea2023world,
  title = {{World Energy Outlook 2023}},
  author = {{International Energy Agency}},
  year = {2023},
  institution = {International Energy Agency},
  address = {Paris, France},
}

@report{bp2023statistical,
  title = {{Statistical Review of World Energy 2023}},
  author = {{BP plc}},
  year = {2023},
  institution = {BP plc},
  address = {London, UK},
}

@report{ipcc2022mitigation,
  title = {{Climate Change 2022: Mitigation of Climate Change. Contribution of Working Group III to the Sixth Assessment Report of the Intergovernmental Panel on Climate Change}},
  author = {{IPCC}},
  year = {2022},
  institution = {Intergovernmental Panel on Climate Change},
  publisher = {Cambridge University Press},
  address = {Cambridge, UK and New York, NY, USA},
}

@report{who2021ambient,
  title = {{Ambient (outdoor) air pollution}},
  author = {{World Health Organization}},
  year = {2021},
  institution = {World Health Organization},
  address = {Geneva, Switzerland},
}

@misc{unfccc2015paris,
  title = {{Paris Agreement}},
  author = {{United Nations Framework Convention on Climate Change}},
  year = {2015},
  institution = {United Nations},
  address = {New York, NY, USA},
}